@Article{BenHur:2001,
title =		"Support Vector Clustering",
author =	"Asa Ben-Hur and David Horn and Hava Siegelmann and Vladimir Vapnik",
journal =	"Journal of Machine Learning Research",
year =		"2001",
volume =	"2",
pages =		"125--137"
}

@Misc{Bilenko:2002,
title   =	"Learning to Combine Trained Distance Metrics for Duplicate Detection in Databases",  
author  =	"Mikhail Bilenko and Raymond J. Mooney",
howpublished =	{Technical Report AI 02-296, Artificial Intelligence Lab, University of Texas at Austin}, 
year    =	"2002",
url	 =	"http://www.cs.utexas.edu/~ml/papers/marlin-tr-02.pdf"
}

@Misc{Bilen:2005,
title =		"Support Vector Clustering of Microarray Gene Expression Data",
author =	"Biter Bilen",
howpublished =	{Technical Report, Bilkent University, Turkey},
year =		"2005",
url	 =	"http://www.cs.bilkent.edu.tr/~guvenir/courses/cs550/Workshop/Biter_Bilen.pdf"
}

@Manual{Bivand:2010,
title  =	"\pkg{spdep}: Spatial Dependence, Weighting Schemes, Statistics and Models",
author  =	"Roger Bivand",
year   =	"2010",
note    =	"\proglang{R}~package version~0.5-14",
url	 =	"http://CRAN.R-project.org/package=spdep"
}

@INPROCEEDINGS{Campedel:2005,
title =		"Méthodologie de Sélection de Caractéristiques pour la Classification d'Images Satellitaires",
author =	"Marine Campedel and Eric Moulines",
booktitle =	"Proceedings of the Conférence Nationale sur l'Apprentissage (CAP'05), Nice, France",
year =		"2005",
pages	=       "107--108",
url	 =	"http://www.cmi.univ-mrs.fr/~fdenis/cap05/programme.html"
}

@Article{Cover:1967,
title =		"Nearest Neighbor Pattern Classification",
author =	"Thomas Cover and Peter Hart",
journal =	"IEEE Transactions on Information Theory",
year =		"1967",
volume =	"13",
number =	"1",
pages =		"21--27"
}

@InProceedings{Daille:2003,
title =		"Conceptual Structuring through Term Variations",
author =	"Béatrice Daille",
booktitle =	"Proceedings of the 38th International Conference of Association for Computational Linguistics (ACL'03), Workshop on Multiword Expressions: Analysis, Acquisition and Treatment, Sapporo, Japan",
editor =	"F. Bond, A. Korhonen, D. MacCarthy and A. Villacicencio",
year =		"2003",
url	 =	"http://acl.ldc.upenn.edu/acl2003/"
}

@InProceedings{Datar:2004,
title =		"Locality-Sensitive Hashing Scheme based on P-stable Distributions",
author =	"Mayur Datar and Nicole Immorlica and Piotr Indyk and Vahab Mirrokni",
booktitle =	"Proceedings of the 20th Annual Symposium on Computational Geometry (SCG'04), New York, USA",
year =		"2004",
pages	=       "253--262",
publisher =	"ACM  New York, NY, USA",
url	 =	"http://www.informatik.uni-trier.de/~ley/db/conf/compgeom/compgeom2004.html"
}

@Article{Dray:2007,
author    =	"S. Dray and A.B. Dufour",
title	=	"The \pkg{ade4} Package: Implementing the Duality Diagram for Ecologists",
journal    =	"Journal of Statistical Software",
year	=	"2007",
volume   =	"22",
number  =	"4",
pages   =	"1--20",
url =		"http://www.jstatsoft.org/v22/i04/",
}

@InProceedings{Eskin:2002,
title =		"A Geometric Framework for Unsupervised Anomaly Detection: Detecting Intrusions in Unlabeled Data",
author =	"Eleazar Eskin and Andrew Arnold and Michael Prerau and Leonid Portnoy and Salvatore Stolfo",
booktitle =	"Applications of Data Mining in Computer Security",
editor =	"D. Barbara and S. Jajodia",
publisher =	"Kluwer",
pages	=       "77--102",
year =		"2002"
}

@Misc{Eveillard:2002,
title =		"Statistical Processing of SELEX Results",
author =	"Damien Eveillard and Yann Guermeur",
howpublished =	"Proceedings of the 10th International Conference on Intelligent Systems for Molecular Biology (ISMB'02), Poster Session, Edmonton, Canada",
url =		"http://www.iscb.org/cms_addon/Conferences/ismb2002/",
year =		"2002",
}

@BOOK{Fellbaum:1998,
title =		"WordNet : An Electronic Lexical Database",
author =	"Christiane Fellbaum",
publisher =	"MIT Press",
year =		"1998"
}

@ARTICLE{Gale:1992,
title =		"A Method for Disambiguating Word Senses in a Large Corpus",
author =	"William A. Gale and Kenneth W. Church and David Yarowsky",
journal =	"Computers and the Humanities",
year =		"1992",
volume =	"26",
pages =		"415--439"
}

@ARTICLE{Grefenstette:1994,
title =		"SEXTANT: Extracting Semantics from Raw Text: Implementation Details, Heuristics",
author =	"Gregory Grefenstette",
journal =	"Integrated Computer-Aided Engineering",
year =		"1994",
volume =	"1",
pages =		"527--536"
}

@BOOK{Harris:1968,
title =		"Mathematical Structure of Language",
author =	"Zellig Harris",
publisher =	"John Wiley \& Sons",
year =		"1968"
}

@InProceedings{Hearst:1992,
title =		"Automatic Acquisition of Hyponyms from Large Text Corpora",
author =	"Marti Hearst",
booktitle =	"Proceedings of the 14th International Conference on Computational Linguistics (COLING'92), Nantes, France",
year =		"1992",
pages =		"539--545",
url	 =	"http://acl.ldc.upenn.edu/C/C92/"
}

@ARTICLE{Horn:2001,
title =		"Clustering via Hilbert Space",
author =	"David Horn",
journal =	"Physica A",
year =		"2001",
volume =	"302",
number =	"1",
pages =		"70--79"
}

@ARTICLE{Jaccard:1901,
title =		"Etude Comparative de la Distribution Florale dans une Portion des Alpes et des Jura",
author =	"Paul Jaccard",
journal =	"Bulletin de la Société Vaudoise des Sciences Naturelles",
year =		"1901",
volume =	"37",
pages =		"241--272"
}

@BOOK{Jain:1988,
title =		"Algorithms for Clustering Data",
author =	"Anil K. Jain and Richard C. Dubes",
publisher =	"Englewood Cliffs, New Jersey, Prentice Hall",
year =		"1988"
}

@Article{Karatzoglou:Meyer:Hornik:2006:JSSOBK:v15i09,
title =		"Support Vector Machines in \proglang{R}",
author	=	"Alexandros Karatzoglou and David Meyer and Kurt Hornik",
journal	=	"Journal of Statistical Software",
year =		"2006",
volume	=	"15",
number	=	"9",
pages =		"1--28",
url =		"http://www.jstatsoft.org/v15/i09/"
}

@Article{Karatzoglou:2004,
title	 =	"\pkg{kernlab} -- An \proglang{S4} Package for Kernel Methods in \proglang{R}",
author =	"Alexandros Karatzoglou and Alex Smola and Kurt Hornik and Achim Zeileis",
journal =	"Journal of Statistical Software",
year	 =	"2004",
volume =	"11",
number =	"9",
pages     =	"1--20",
url  =		"http://www.jstatsoft.org/v11/i09/"
}

@InProceedings{Kees:2003,
title =		"Finding Clusters using Support Vector Classifiers",
author =	"Jong Kees and Elena Marchiori and Aad van der Vaart",
booktitle =	"Proceedings of the 18th ESANN-European Symposium on Artificial Neural Networks (ESANN'03), Bruges, Belgium",
year =		"2003",
pages =		"23--25",
url	 =	"http://www.dice.ucl.ac.be/esann/index.php?pg=esann03_programme"
}

@ARTICLE{Kushmerick:2000,
title =		"Wrapper Induction: Efficiency and Expressiveness",
author =	"Nicholas Kushmerick",
journal =	"Artificial Intelligence",
year =		"2000",
volume =	"118",
number =	"1",
pages =		"15--68"
}

@ARTICLE{Lee:2005,
title =		"An Improved Cluster Labeling Method for Support Vector Clustering",
author =	"Jaewook Lee and Daewon Lee",
journal =	"IEEE Transactions on Pattern Analysis and Machine Intelligence",
year =		"2005",
volume =	"27",
number =	"3",
pages =		"461--464"
}

@InProceedings{Lazarevic:2003,
title =		"A Comparative Study of Anomaly Detection Schemes in Network Intrusion Detection",
author =	"Aleksandar Lazarevic and Aysel Ozgur and Levent Ertoz and Jaideep Srivastava and Vipin Kumar",
booktitle =	"Proceedings of the 3rd SIAM International Conference on Data Mining (ICDM'03), San Francisco, USA",
year =		"2003",
pages =		"25--36",
url	 =	"http://www.siam.org/meetings/sdm03/"
}

@ARTICLE{Levenshtein:1966,
title =		"Binary Codes Capable of Correcting Insertions and Reversals",
author =	"Vladimir I. Levenshtein",
journal =	"Soviet Physics Doklady",
year =		"1966",
volume =	"10",
number =	"8",
pages =		"707--710"
}

@ARTICLE{Lodhi:2002,
title =		"Support Vector Clustering",
author =	"Huma Lodhi and Craig Saunders and John S Taylor and Nello Cristianini and Chris Watkins",
journal =	"Journal of Machine Learning Research",
year =		"2002",
volume =	"2",
pages =		"419-444"
}

@Manual{Lucas:2007,
title =		"\pkg{amap}: Another Multidimensional Analysis Package",
author =	"Antoine Lucas",
year =		"2007",
note =		"\proglang{R} package version 0.8-2",
url =		"http://mulcyber.toulouse.inra.fr/projects/amap/"
}

@InProceedings{Moschitti:2009,
title =		"Syntactic and Semantic Kernels for Short Text Pair Categorization",
author =	"Alessandro Moschitti",
booktitle =	"Proceedings of the 12th Conference of the European Chapter of the ACL (EACL'09) , Athens, Greece",
year =		"2009",
publisher =	"Association for Computational Linguistics  Morristown, NJ, USA",
pages =		"576--584",
url	 =	"http://www.eacl2009.gr/Conference/"
}

@ARTICLE{Nazarenko:1997,
title =		"Corpus-Based Identification and Refinement of Semantic Classes",
author =	"Adeline Nazarenko and Pierre Zweigenbaum and Jacques Bouaud and Benoît Habert",
journal =	"Journal of the American Medical Informatics Association",
year =		"1997",
volume =	"4",
number =	"suppl",
pages =		"585--589"
}

@InProceedings{Park:2004,
title =		"Support Vector Clustering combined with Spectral Graph Partitioning",
author =	"JinHyeong Park and Xiang Ji and Hongyuan Zha and Rangachar Kasturi",
booktitle =	"Proceedings of the 17th International Conference on Pattern Recognition (ICPR'04) , Cambridge, UK",
year =		"2004",
pages =		"581--584",
url	 =	"http://www.informatik.uni-trier.de/~ley/db/conf/icpr/index.html"
}

@InProceedings{Pereira:1993,
title =		"Distributional Clustering of English Words",
author =	"Fernando Pereira and Naftali Tishby and Lillian Lee",
booktitle =	"Proceedings of the 31th Conference of the Association for Computational Linguistics (ACL'93), Jerusalem, Israel",
year =		"1993",
pages =		"183--190"
}

@InProceedings{Puma-Villanueva:2005,
title =		"Improving Support Vector Clustering with Ensembles",
author =	"Wilfredo J. Puma-Villanueva and George B. Bezerra and Clodoaldo A.M. Lima and Fernando J. Von Zuben",
booktitle =	"Proceedings of the IEEE International Joint Conference on Neural Networks (IJCNN'05), Montreal, Canada",
year =		"2005",
pages =		"13--15",
url	 =	"http://computer-vision.org/ijcnn05/"
}

@InProceedings{Riloff:1993,
title =		"Automatically Constructing a Dictionary for Information Extraction Tasks",
author =	"Ellen Riloff",
booktitle =	"Proceedings of the 11th National Conference on Artificial Intelligence (NCAI'93) , Washington, USA",
year =		"1993",
publisher =	"AAAI Press/The MIT Press",
pages =		"811--816",
url	 =	"http://www.aaai.org/Conferences/AAAI/aaai93.php"
}

@Manual{R-project:2010,
title =		"\proglang{R}: {A} Language and Environment for Statistical Computing",
author =	"\proglang{R} Development Core Team",
organization =	"\proglang{R} Foundation for Statistical Computing",
address =	"Vienna, Austria",
year  =		"2010",
note =		"{ISBN} 3-900051-07-0",
url =		"http://www.R-project.org/"
}

@BOOK{Salton:1983,
title =		"Introduction to Modern Information Retrieval",
author =	"Gerard Salton and Michael J. McGill",
publisher =	"McGraw Hill, New York",
year =		"1983"
}

@ARTICLE{Schölkopf:2001,
title =		"Estimating the Support of a High-Dimensional Distribution",
author =	"Bernhard Schölkopf and John Platt and John Shawe-Taylor and Alex Smola and Robert Williamson",
journal =	"Neural Computation",
year =		"2001",
volume =	"33",
pages =		"1443--1471"
}

@InProceedings{Smadja:1990,
title =		"Automatically Extracting and Representing Collocations for Language Generation",
author =	"Frank A. Smadja and Kathleen R. McKeown",
booktitle =	"Proceedings of the 28th International Conference of Association for Computational Linguistics (ACL'90), Pittsburgh, USA",
year =		"1990",
publisher =	"Association for Computational Linguistics  Morristown, NJ, USA",
pages =		"574--579",
url	 =	"http://www.informatik.uni-trier.de/~ley/db/conf/acl/acl90.html"
}

@ARTICLE{Soderland:1999,
title =		"Learning Information Extraction Rules for Semi-Structured and Free Text",
author =	"Steven Soderland",
journal =	"Machine Learning",
year =		"1999",
volume =	"34",
number =	"1-3", 
pages =		"233--272"
}

@InProceedings{Teo:2006,
title =		"Fast and Space Efficient String Kernels using Suffix Arrays",
author =	"C. H. Teo and S. V. N. Vishwanathan",
booktitle =	"Proceedings of the International Conference on Machine Learning (ICML'06) Pittsburgh, USA",
year =		"2006",
publisher =	"ACM  New York, NY, USA",
pages =		"929--936",
url	 =	"http://www.machinelearning.org/icml2006_proc.html"
}

@Manual{Turlach:2007,
title =		"\pkg{quadprog}: Functions to solve Quadratic Programming Problems.",
author =	"A. Berwin and R. Turlach and A. Weingessel",
year =		"2007",
note =		"\proglang{R} package version 1.5-3",
url	 =	"http://CRAN.R-project.org/package=quadprog"
}

@InProceedings{Xu:2004,
title =		"Kernels Based on Weighted Levenshtein Distance",
author =	"Jianhua Xu and Xuegong Zhang",
booktitle =	"Proceedings of the IEEE International Joint Conference on Neural Networks (IJCNN'04), Budapest, Hungary",
year =		"2004",
pages =		"3015--3018",
url	 =	"http://www.Conferences.hu/budapest2004/"
}

@InProceedings{Yang:2002,
title =		"Support Vector Clustering through Proximity Graph Modelling",
author =	"Jianhua Yang and Vladimir Estivill-Castro and Stephan Chalup",
booktitle =	"Proceedings of the 9th International Conference on Neural Information Processing,(ICONIP'02) , Singapore",
year =		"2002",
pages =		"898--903",
url	 =	"http://www3.ntu.edu.sg/Iconip02/"
}

@InProceedings{Zhang:2005,
title =		"Rule Extraction from Trained Support Vector Machines",
author =	"Ying Zhang and Hongye Su and Tao Jia and Jian Chu",
booktitle =	"Proceedings of the 9th International Pacific-Asia Conference on Advances in Knowledge Discovery and Data Mining (PAKDD'05), Hanoi, Vietnam",
year =		"2005",
pages =		"61--70",
url	 =	"http://www.jaist.ac.jp/PAKDD-05/"
}

